
@book{Oppenhiem,
   title =     {Discrete-Time Signal Processing},
   author =    {Alan V. Oppenheim, Ronald W. Schafer, John R. Buck},
   publisher = {Prentice Hall},
   isbn =      {9780137549207,0137549202},
   year =      {1999},
   series =    {Prentice-Hall Signal Processing Series},
   edition =   {2nd ed},
   volume =    {},
   url =       {http://gen.lib.rus.ec/book/index.php?md5=CEB8F6E1E7E8077697105530229AE1A7}
}

@misc{AVR,
  key = {AVR},
  title = {AVR Instruction Set Manual},
  url = {https://www.microchip.com/webdoc/avrassembler/avrassembler.wb_instruction_list.ht ml},
  urldate = {2018-08-14},
  year = {2018}
}

